%---------------------------------------------------------------------------%
%-                                                                         -%
%-                             Bibliography                                -%
%-                                                                         -%
%---------------------------------------------------------------------------%

@article{韩洪勇2020基于,
  title={基于 Echarts 和 Flask 的数据可视化系统},
  author={韩洪勇 and 冉春晴 and 陈硕},
  journal={中国新通信},
  year={2020}
}

@article{陈俊生2019基于,
  title={基于 Python+ Echarts 的大数据可视化系统的设计与实现},
  author={陈俊生 and 彭莉芬},
  journal={安徽电子信息职业技术学院学报},
  volume={18},
  number={4},
  pages={6--9},
  year={2019}
}

@article{虞乔木2020新冠肺炎疫情防控常态化研究,
  title={新冠肺炎疫情防控常态化研究},
  author={虞乔木 and 郑东桦},
  journal={中国公共安全 (学术版)},
  volume={1},
  pages={65--68},
  year={2020}
}

@article{翁志宁2016flask,
  title={Flask 框架 web 开发在 SAE 上的部署与研究},
  author={翁志宁},
  journal={华东科技: 学术版},
  number={6},
  pages={14--14},
  year={2016}
}

@article{牛作东2019基于,
  title={基于 Python 与 flask 工具搭建可高效开发的实用型 MVC 框架},
  author={牛作东 and 李捍东 and others},
  journal={计算机应用与软件},
  volume={7},
  pages={21--25},
  year={2019},
  publisher={上海市计算技术研究所| 上海计算机软件技术开发中心}
}

@article{李宏2020基于民众视阈下的疫情数据可视化设计路径研究,
  title={基于民众视阈下的疫情数据可视化设计路径研究},
  author={李宏},
  journal={包装工程艺术版},
  volume={41},
  number={10},
  pages={221--227},
  year={2020}
}

@article{杨晨2021新冠肺炎疫情大数据可视化平台设计与实现,
  title={新冠肺炎疫情大数据可视化平台设计与实现},
  author={杨晨 and 苏有慧 and 周军},
  journal={计算机时代},
  year={2021}
}

@article{赵娟2020浅谈时空大数据与数据可视化在疫情地图中的应用,
  title={浅谈时空大数据与数据可视化在疫情地图中的应用},
  author={赵娟},
  journal={卫星导航定位技术文集 (2020)},
  year={2020}
}

@book{grinberg2018flask,
  title={Flask web development: developing web applications with python},
  author={Grinberg, Miguel},
  year={2018},
  publisher={" O'Reilly Media, Inc."}
}

@article{郭宏曦2020新型冠状病毒肺炎疫情数据的可视化探索,
  title={新型冠状病毒肺炎疫情数据的可视化探索},
  author={郭宏曦},
  journal={计算机与网络},
  volume={6},
  year={2020}
}
